<record><leader>00000cas a22000007a 4500</leader><controlfield tag="001">32044146</controlfield><controlfield tag="008">950224d191419uuokuwr ne      0    0eng d</controlfield><datafield ind1=" " ind2=" " tag="010"><subfield code="a">sn 95072011 </subfield></datafield><datafield ind1=" " ind2=" " tag="040"><subfield code="a">NVJ</subfield><subfield code="b">eng</subfield><subfield code="c">NVJ</subfield><subfield code="d">OBN</subfield><subfield code="d">DLC</subfield><subfield code="d">OCLCQ</subfield><subfield code="d">OCLCO</subfield></datafield><datafield ind1=" " ind2=" " tag="019"><subfield code="a">31994511</subfield></datafield><datafield ind1="1" ind2=" " tag="029"><subfield code="a">AU@</subfield><subfield code="b">000011579757</subfield></datafield><datafield ind1=" " ind2=" " tag="042"><subfield code="a">msc</subfield></datafield><datafield ind1=" " ind2=" " tag="043"><subfield code="a">n-us-ok</subfield></datafield><datafield ind1="0" ind2="4" tag="245"><subfield code="a">The Boswell citizen.</subfield></datafield><datafield ind1=" " ind2=" " tag="260"><subfield code="a">Boswell, Okla. :</subfield><subfield code="b">C.L. White</subfield></datafield><datafield ind1=" " ind2=" " tag="300"><subfield code="a">v.</subfield></datafield><datafield ind1=" " ind2=" " tag="310"><subfield code="a">Weekly</subfield></datafield><datafield ind1="1" ind2=" " tag="362"><subfield code="a">Began in 1914.</subfield></datafield><datafield ind1=" " ind2=" " tag="588"><subfield code="a">Description based on: Vol. 1, no. 8 (July 23, 1914).</subfield></datafield><datafield ind1=" " ind2="0" tag="651"><subfield code="a">Boswell (Okla.)</subfield><subfield code="v">Newspapers.</subfield></datafield><datafield ind1=" " ind2="0" tag="651"><subfield code="a">Choctaw County (Okla.)</subfield><subfield code="v">Newspapers.</subfield></datafield><datafield ind1=" " ind2=" " tag="752"><subfield code="a">United States</subfield><subfield code="b">Oklahoma</subfield><subfield code="d">Boswell.</subfield></datafield><datafield ind1="0" ind2="7" tag="785"><subfield code="t">Boswell news (Boswell, Okla. : 1902)</subfield><subfield code="w">(DLC)sn 96087985</subfield><subfield code="w">(OCoLC)35162715</subfield></datafield><datafield ind1="0" ind2="7" tag="785"><subfield code="t">Boswell news and Boswell citizen</subfield><subfield code="w">(DLC)sn 86063913</subfield><subfield code="w">(OCoLC)13663877</subfield></datafield></record>